<?xml version="1.0" encoding="UTF-8"?><collection xmlns="http://www.loc.gov/MARC21/slim"><record><leader>00457nam--2200145-i-4500</leader><controlfield tag="001">000022912</controlfield><controlfield tag="002">20161230</controlfield><controlfield tag="005">20161230201034</controlfield><controlfield tag="008">060222s1000------------r-----000-0-eng-d</controlfield><datafield ind1=" " ind2=" " tag="080"><subfield code="a">621.31</subfield></datafield><datafield ind1=" " ind2=" " tag="100"><subfield code="a">Grosu, St</subfield></datafield><datafield ind1=" " ind2=" " tag="245"><subfield code="a">Elemente noi in reglajul sub sarcina al transformatoarelor</subfield></datafield><datafield ind1=" " ind2=" " tag="260"><subfield code="a">Bucurest, Cons. Nat. Al Ing. Si Tehn., 1969. 10p</subfield></datafield><datafield ind1=" " ind2=" " tag="490"><subfield code="a">A Doua Conferinta A Electricienilor. Sectia Transformatoare Si Aparate Electrice</subfield></datafield><datafield ind1=" " ind2=" " tag="852"><subfield code="a">31601</subfield></datafield></record></collection>